@misc{npmjs,
	author = {{npm, Inc.}},
	title = {Build amazing things},
	howpublished = {Récupéré sur : \url{http://www.npmjs.com}},
	year = {Octobre 2016 - Février 2017}
}

@misc{docstravis,
	author = {{Travis CI, GmbH}},
	title = {Travis CI User Documentation},
	howpublished = {Récupéré sur : \url{https://docs.travis-ci.com/}},
	year = {Octobre 2016 - Février 2017}
}

@misc{travisci,
	author = {{Travis CI, GmbH}},
	title = {Travis CI - Test and Deploy Your Code with Confidence},
	howpublished = {Récupéré sur : \url{https://travis-ci.org/}},
	year = {Octobre 2016 - Février 2017}
}

@misc{letsencrypt,
	author = {{Internet Security Research Group (ISRG)}},
	title = {Let's Encrypt},
	howpublished = {Récupéré sur : \url{https://letsencrypt.org/}},
	year = {Février 2017 - Février 2017}
}

@misc{github,
	author = {{Github, Inc.}},
	title = {GitHub},
	howpublished = {Récupéré sur : \url{https://github.com/WatchDogZZ}},
	year = {Octobre 2016 - Février 2017}
}

@misc{simplenodejs,
	author = {Michael Katz},
	title = {How To Write A Simple Node.js/MongoDB Web Service for an iOS App},
	howpublished = {Récupéré sur : \url{https://www.raywenderlich.com/61078/write-simple-node-jsmongodb-web-service-ios-app}},
	year = {Octobre 2016 - Février 2017}
}

@misc{nodejs,
	author = {{Node.js Foundation}},
	title = {Node.js},
	howpublished = {Récupéré sur : \url{https://nodejs.org/en/}},
	year = {Octobre 2016 - Février 2017}
}

@misc{mongodb,
	author = {{MongoDB, Inc.}},
	title = {MongoDB for GIANT Ideas | MongoDB},
	howpublished = {Récupéré sur : \url{https://www.mongodb.com/}},
	year = {Octobre 2016 - Février 2017}
}

@misc{androidstudio,
	author = {{Google Inc.}},
	title = {Download Android Studio and SDK Tools},
	howpublished = {Récupéré sur : \url{https://developer.android.com/studio/index.html}},
	year = {Octobre 2016 - Février 2017}
}

@misc{bibfindmyfriends,
	author = {{Family Safety Production}},
	title = {Find My Friends},
	howpublished = {Récupéré sur : \url{https://play.google.com/store/apps/details?id=com.fsp.android.friendlocator}},
	year = {Février 2017}
}

@misc{stardataexplore,
	author = {{STAR Data Explore}},
	title = {Position des bus en circulation sur le réseau star en temps réel},
	howpublished = {Récupéré sur : \url{https://data.explore.star.fr/explore/dataset/tco-bus-vehicules-position-tr/}},
	year = {Novembre 2014}
}

@misc{fbsafetycheck,
	author = {{Facebook}},
	title = {Safety Check},
	howpublished = {Récupéré sur : \url{https://www.facebook.com/about/safetycheck/}},
	year = {2014}
}

@misc{bibgeotek,
	author = {{Geotek}},
	title = {Suivi de personnes},
	howpublished = {Récupéré sur : \url{https://www.geotek.fr/geolocalisation/besoins/suivi-personnes.html}},
	year = {2017}
}

@misc{bibgoogle,
	author = {{Google Inc.}},
	title = {Vos trajets},
	howpublished = {Récupéré sur : \url{https://www.google.fr/maps/timeline}},
	year = {2017}
}

@misc{loigeo,
	author = {{Google Inc.}},
	title = {La CNIL, la loi et la géolocalisation},
	howpublished = {Récupéré sur : \url{http://www.companeo.com/geolocalisation-de-vehicules/guide/cnil-loi-et-geolocalisation}},
	year = {2016}
}

@misc{cookies,
	author = {{CNIL}},
	title = {Site web, cookies et autres traceurs},
	howpublished = {Récupéré sur : \url{https://www.cnil.fr/fr/site-web-cookies-et-autres-traceurs}},
	year = {2017}
}